<?xml version="1.0" encoding="UTF-8"?><collection xmlns="http://www.loc.gov/MARC21/slim"><record><leader>00548nam--2200181-i-4500</leader><controlfield tag="001">000041626</controlfield><controlfield tag="002">20161230</controlfield><controlfield tag="005">20161230201043</controlfield><controlfield tag="008">060222s1000------------r-----000-0-fre-d</controlfield><datafield ind1=" " ind2=" " tag="040"><subfield code="a">IFIN-HH</subfield></datafield><datafield ind1=" " ind2=" " tag="041"><subfield code="a">fre</subfield></datafield><datafield ind1=" " ind2=" " tag="080"><subfield code="a">539.12(043)</subfield></datafield><datafield ind1="1" ind2=" " tag="100"><subfield code="a">Simao,Fernando R.Aranha</subfield></datafield><datafield ind1="1" ind2="0" tag="245"><subfield code="a">Problems d`extremum dans la recherche des bornes axiomatiques du phenomenologiques en physique des particles</subfield><subfield code="b">These</subfield><subfield code="c">Fernando r. aranha simao</subfield></datafield><datafield ind1=" " ind2=" " tag="260"><subfield code="a">Paris</subfield><subfield code="b">Univeriste</subfield><subfield code="c">1975</subfield></datafield><datafield ind1=" " ind2=" " tag="300"><subfield code="a">336P</subfield></datafield><datafield ind1=" " ind2=" " tag="852"><subfield code="a">43972</subfield><subfield code="c">539.12</subfield></datafield><datafield ind1=" " ind2=" " tag="CAT"><subfield code="a">Sys</subfield><subfield code="c">20111124</subfield><subfield code="h">164440</subfield></datafield></record></collection>